@misc{url:kickstarter:lidar,
author = {Kickstarter},
title = {Low cost LiDAR for UAV},
year = {2016 (accessed May 7, 2016)}, 
howpublished = "\url{https://www.kickstarter.com/projects/scanse/sweep-scanning-lidar/description}"}


@incollection{daws1996tool,
  title={The tool KRONOS},
  author={Daws, Conrado and Olivero, Alfredo and Tripakis, Stavros and Yovine, Sergio},
  booktitle={Hybrid Systems III},
  pages={208--219},
  year={1996},
  publisher={Springer}
}

@article{henzinger1994symbolic,
  title={Symbolic model checking for real-time systems},
  author={Henzinger, Thomas A and Nicollin, Xavier and Sifakis, Joseph and Yovine, Sergio},
  journal={Information and computation},
  volume={111},
  number={2},
  pages={193--244},
  year={1994},
  publisher={Elsevier}
}

@inproceedings{henzinger1995hytech,
  title={HyTech: the next generation},
  author={Henzinger, Thomas A and Ho, Pei-Hsin and Wong-Toi, Howard},
  booktitle={Real-Time Systems Symposium, 1995. Proceedings., 16th IEEE},
  pages={56--65},
  year={1995},
  organization={IEEE}
}

@article{leitmann1982optimality,
  title={Optimality and reachability via feedback controls},
  author={Leitmann, G},
  journal={Dynamic systems and mycrophysics},
  pages={119--141},
  year={1982},
  publisher={Academic Press: NY}
}

@article{pontryagin1962ef,
  title={EF Mischenko The Mathematical Theory of Optimal Processes (English translation by K. N. Trirogoff)},
  author={Pontryagin, LS and Boltyanskii, VG and Gamkrelidze, RV},
  journal={Interscience, New York},
  year={1962}
}

@book{girsanov2012lectures,
  title={Lectures on mathematical theory of extremum problems},
  author={Girsanov, Igor Vladimirovich},
  volume={67},
  year={2012},
  publisher={Springer Science \& Business Media}
}

@book{bardi2008optimal,
  title={Optimal control and viscosity solutions of Hamilton-Jacobi-Bellman equations},
  author={Bardi, Martino and Capuzzo-Dolcetta, Italo},
  year={2008},
  publisher={Springer Science \& Business Media}
}

@book{lee2011structure,
  title={Structure and interpretation of signals and systems},
  author={Lee, Edward A},
  year={2011},
  publisher={Lee \& Seshia}
}

@book{game1987,
  title={Game-theoretical control problems},
  author={Krasovskij, Nikolai Nikolaevich and Subbotin, Andrei Izmailovich and Kotz, Samuel},
  year={1987},
  publisher={Springer-Verlag New York, Inc.}
}

@misc{game1988,
  title={Game-theoretical control problems. Translated from the Russian by Samuel Kotz},
  author={Krasovskii, NN and Subbotin, AI},
  year={1988},
  publisher={Springer Series in Soviet Mathematics. Springer-Verlag, New York}
}

@article{martin2011meteorological,
  title={Meteorological profiling of the lower troposphere using the research UAV" M 2 AV Carolo"},
  author={Martin, S and Bange, J and Beyrich, F},
  journal={Atmospheric Measurement Techniques},
  volume={4},
  number={4},
  pages={705--716},
  year={2011},
  publisher={Copernicus GmbH}
}

@article{sabatini2014lidar,
  title={LIDAR obstacle warning and avoidance system for unmanned aircraft},
  author={Sabatini, Roberto and Gardi, Alessandro and Richardson, Mark A},
  journal={International Journal of Mechanical, Aerospace, Industrial and Mechatronics Engineering},
  volume={8},
  number={4},
  pages={702--713},
  year={2014},
  publisher={World Academy of Science, Engineering and Technology}
}

@article{ramasamy2016lidar,
  title={LIDAR obstacle warning and avoidance system for unmanned aerial vehicle sense-and-avoid},
  author={Ramasamy, Subramanian and Sabatini, Roberto and Gardi, Alessandro and Liu, Jing},
  journal={Aerospace Science and Technology},
  year={2016},
  publisher={Elsevier}
}

@article{chen2007airborne,
  title={Airborne lidar data processing and information extraction},
  author={Chen, Qi},
  journal={Photogrammetric engineering and remote sensing},
  volume={73},
  number={2},
  pages={109},
  year={2007},
  publisher={ASPRS AMERICAN SOCIETY FOR PHOTOGRAMMETRY AND}
}

@inproceedings{yapo2008probabilistic,
  title={A probabilistic representation of LiDAR range data for efficient 3D object detection},
  author={Yapo, Theodore C and Stewart, Charles V and Radke, Richard J},
  booktitle={Computer Vision and Pattern Recognition Workshops, 2008. CVPRW'08. IEEE Computer Society Conference on},
  pages={1--8},
  year={2008},
  organization={IEEE}
}

@article{fitzgibbon1999direct,
  title={Direct least square fitting of ellipses},
  author={Fitzgibbon, Andrew and Pilu, Maurizio and Fisher, Robert B},
  journal={Pattern Analysis and Machine Intelligence, IEEE Transactions on},
  volume={21},
  number={5},
  pages={476--480},
  year={1999},
  publisher={IEEE}
}


@inproceedings{cunha2003dynamic,
  title={Dynamic modeling and stability analysis of model-scale helicopters with bell-hiller stabilizing bar},
  author={Cunha, Rita and Silvestre, Carlos},
  booktitle={AIAA Guidance, Navigation, and Control Conference},
  year={2003}
}

@article{altamimi2002itrf2000,
  title={ITRF2000: A new release of the International Terrestrial Reference Frame for earth science applications},
  author={Altamimi, Zuheir and Sillard, Patrick and Boucher, Claude},
  journal={Journal of Geophysical Research: Solid Earth},
  volume={107},
  number={B10},
  year={2002},
  publisher={Wiley Online Library}
}

@misc{arcgis01,
    
    title     = "ArcGis INC - LiDAR data representation",
    howpublished = {\url{http://desktop.arcgis.com/en/arcmap/10.3/manage-data/raster-and-images/what-is-raster-data.htm}},
    note = {Accessed: 2016-05-30}
}

@misc{jarus2016regulations,
  title = {{JARUS} regulations},
  howpublished = {\url{http://jarus-rpas.org/regulations}},
  note = {Accessed: 2016-05-30}
}
@article{field1988laplacian,
  title={Laplacian smoothing and Delaunay triangulations},
  author={Field, David A},
  journal={Communications in applied numerical methods},
  volume={4},
  number={6},
  pages={709--712},
  year={1988},
  publisher={Wiley Online Library}
}

@inproceedings{tarsha2007hough,
  title={Hough-transform and extended ransac algorithms for automatic detection of 3d building roof planes from lidar data},
  author={Tarsha-Kurdi, Fayez and Landes, Tania and Grussenmeyer, Pierre and others},
  booktitle={Proceedings of the ISPRS Workshop on Laser Scanning},
  volume={36},
  pages={407--412},
  year={2007}
}

@inproceedings{carr2001reconstruction,
  title={Reconstruction and representation of 3D objects with radial basis functions},
  author={Carr, Jonathan C and Beatson, Richard K and Cherrie, Jon B and Mitchell, Tim J and Fright, W Richard and McCallum, Bruce C and Evans, Tim R},
  booktitle={Proceedings of the 28th annual conference on Computer graphics and interactive techniques},
  pages={67--76},
  year={2001},
  organization={ACM}
}

@inproceedings{rusu2009close,
  title={Close-range scene segmentation and reconstruction of 3D point cloud maps for mobile manipulation in domestic environments},
  author={Rusu, Radu Bogdan and Blodow, Nico and Marton, Zoltan Csaba and Beetz, Michael},
  booktitle={2009 IEEE/RSJ International Conference on Intelligent Robots and Systems},
  pages={1--6},
  year={2009},
  organization={IEEE}
}

@article{hebecker2015model,
  title={Model-Based Local Path Planning for UAVs},
  author={Hebecker, Tanja and Buchholz, Robert and Ortmeier, Frank},
  journal={Journal of Intelligent \& Robotic Systems},
  volume={78},
  number={1},
  pages={127--142},
  year={2015},
  publisher={Springer}
}

@incollection{adolf2009unmanned,
  title={An unmanned helicopter for autonomous flights in urban terrain},
  author={Adolf, Florian and Andert, Franz and Lorenz, Sven and Goormann, Lukas and Dittrich, J{\"o}rg},
  booktitle={Advances in Robotics Research},
  pages={275--285},
  year={2009},
  publisher={Springer}
}

@article{meier2012pixhawk,
  title={PIXHAWK: A micro aerial vehicle design for autonomous flight using onboard computer vision},
  author={Meier, Lorenz and Tanskanen, Petri and Heng, Lionel and Lee, Gim Hee and Fraundorfer, Friedrich and Pollefeys, Marc},
  journal={Autonomous Robots},
  volume={33},
  number={1-2},
  pages={21--39},
  year={2012},
  publisher={Springer}
}

@inproceedings{bekris2010avoiding,
  title={Avoiding inevitable collision states: Safety and computational efficiency in replanning with sampling-based algorithms},
  author={Bekris, Kostas E},
  booktitle={Workshop on Guaranteeing Safe Navigation in Dynamic Environments. In: International Conference on Robotics and Automation (ICRA-10)},
  year={2010}
}

@incollection{gros2011motion,
  title={Motion planning for a fixed-wing MAV Incorporating closed-loop dynamics motion primitives and safety maneuvers},
  author={Gros, Michael and Niendorf, Moritz and Sch{\"o}ttl, Alfred and Fichter, Walter},
  booktitle={Advances in Aerospace Guidance, Navigation and Control},
  pages={247--260},
  year={2011},
  publisher={Springer}
}

@book{lavalle2006planning,
  title={Planning algorithms},
  author={LaValle, Steven M},
  year={2006},
  publisher={Cambridge university press}
}

@inproceedings{ramasamy2014avionics,
  title={Avionics sensor fusion for small size unmanned aircraft sense-and-avoid},
  author={Ramasamy, Subramanian and Sabatini, Roberto and Gardi, Alessandro},
  booktitle={Metrology for Aerospace (MetroAeroSpace), 2014 IEEE},
  pages={271--276},
  year={2014},
  organization={IEEE}
}

@inproceedings{muraru2011critical,
  title={A Critical Analysis of Sense and Avoid Technologies for Modern UAVs},
  author={Muraru, Adrian},
  booktitle={Mechanical, Industrial, and Manufacturing Engineering--Proceedings of 2011 International Conference on Mechanical, Industrial, and Manufacturing Engineering (MIME 2011)},
  year={2011}
}

@article{lai2012see,
  title={See and Avoid Using Onboard Computer Vision},
  author={Lai, John and Ford, Jason J and Mejias, Luis and O'Shea, Peter and Walker, Rod},
  journal={Sense and Avoid in UAS Research and Applications, Plamen Angelov (ed.), John Wiley and Sons, West Sussex, UK},
  year={2012}
}

@inproceedings{kochenderfer2008encounter,
  title={Encounter modeling for sense and avoid development},
  author={Kochenderfer, Mykel J and Espindle, Leo P and Griffith, J Daniel and Kuchar, James K},
  booktitle={2008 Integrated Communications, Navigation and Surveillance Conference},
  pages={1--10},
  year={2008},
  organization={IEEE}
}

@inproceedings{sabatini2010airborne,
  title={Airborne Laser Systems Testing, Safety Analysis, Modelling and Simulation},
  author={Sabatini, R and Richardson, MA},
  booktitle={21st Annual Symposium of the Society of Flight Test Engineers-European Chapter, Vergiate (VA), Italy},
  year={2010}
}

@article{prevost2011uav,
  title={UAV Optimal Obstacle Avoidance while Respecting Target Arrival Specifications},
  author={Pr{\'e}vost, Carole G and Desbiens, Andr{\'e} and Gagnon, Eric and Hodouin, Daniel},
  journal={IFAC Proceedings Volumes},
  volume={44},
  number={1},
  pages={11815--11820},
  year={2011},
  publisher={Elsevier}
}

@inproceedings{lai2011board,
  title={On-board trajectory generation for collision avoidance in unmanned aerial vehicles},
  author={Lai, Chi-Kin and Lone, Mudassir and Thomas, Peter and Whidborne, James and Cooke, Alastair},
  booktitle={Aerospace Conference, 2011 IEEE},
  pages={1--14},
  year={2011},
  organization={IEEE}
}
@inproceedings{lai2011real,
  title={Real-time trajectory generation for collision avoidance with obstacle uncertainty},
  author={Lai, Chi Kin and Whidborne, James},
  booktitle={AIAA Guidance, Navigation and Control Conference, AIAA},
  volume={6598},
  year={2011}
}

@inproceedings{cornic2011sense,
  title={Sense and avoid radar using Data Fusion with other sensors},
  author={Cornic, Pascal and Garrec, Patrick and Kemkemian, Stephane and Ratton, Laurent},
  booktitle={Aerospace Conference, 2011 IEEE},
  pages={1--14},
  year={2011},
  organization={IEEE}
}

@article{sabatini2013low,
  title={Low-cost sensors data fusion for small size unmanned aerial vehicles navigation and guidance},
  author={Sabatini, Roberto and Ramasamy, Subramanian and Gardi, Alessandro and Salazar, Leopoldo Rodriguez},
  journal={International Journal of Unmanned Systems Engineering.},
  volume={1},
  number={3},
  pages={16},
  year={2013},
  publisher={Unmanned Vehicle University}
}

@article{sabatini2014navigation,
  title={Navigation and guidance system architectures for small unmanned aircraft applications},
  author={Sabatini, Roberto and Bartel, Celia and Kaharkar, Anish and Shaid, Tesheen and Ramasamy, Subramanian},
  journal={International Journal of Mechanical, Industrial Science and Engineering},
  volume={8},
  number={4},
  pages={733--752},
  year={2014}
}

@inproceedings{pinto2013lsts,
  title={The LSTS toolchain for networked vehicle systems},
  author={Pinto, Jos{\'e} and Dias, Paulo S and Martins, Ricardo and Fortuna, Joao and Marques, Eduardo and Sousa, Joao},
  booktitle={OCEANS-Bergen, 2013 MTS/IEEE},
  pages={1--9},
  year={2013},
  organization={IEEE}
}

@inproceedings{meyer2012comprehensive,
  title={Comprehensive simulation of quadrotor uavs using ros and gazebo},
  author={Meyer, Johannes and Sendobry, Alexander and Kohlbrecher, Stefan and Klingauf, Uwe and Von Stryk, Oskar},
  booktitle={International Conference on Simulation, Modeling, and Programming for Autonomous Robots},
  pages={400--411},
  year={2012},
  organization={Springer}
}

@article{sabatini2013novel,
  title={A novel GNSS integrity augmentation system for civil and military aircraft},
  author={Sabatini, Roberto and Moore, Terry and Hill, Chris},
  journal={International Journal of Mechanical, Industrial Science and Engineering},
  volume={7},
  number={12},
  pages={1433--1449},
  year={2013}
}

@article{sabatini2013new1,
  title={A New Avionics-Based GNSS Integrity Augmentation System: Part 1--Fundamentals},
  author={Sabatini, Roberto and Moore, Terry and Hill, Chris},
  journal={Journal of Navigation},
  volume={66},
  number={03},
  pages={363--384},
  year={2013},
  publisher={Cambridge Univ Press}
}

@article{sabatini2013new2,
  title={A new avionics-based GNSS integrity augmentation system: Part 2--Integrity flags},
  author={Sabatini, Roberto and Moore, Terry and Hill, Chris},
  journal={Journal of Navigation},
  volume={66},
  number={04},
  pages={501--522},
  year={2013},
  publisher={Cambridge Univ Press}
}

@inproceedings{skulstad2015net,
  title={Net recovery of UAV with single-frequency RTK GPS},
  author={Skulstad, Robert and Syversen, Christoffer Lie and Merz, Mariann and Sokolova, Nadezda and Fossen, Thor I and Johansen, Tor A},
  booktitle={2015 IEEE Aerospace Conference},
  pages={1--10},
  year={2015},
  organization={IEEE}
}

@article{skulstad2015autonomous,
  title={Autonomous net recovery of fixed-wing uav with single-frequency carrier-phase differential gnss},
  author={Skulstad, Robert and Syversen, Christoffer and Merz, Mariann and Sokolova, Nadezda and Fossen, Thor and Johansen, Tor},
  journal={IEEE Aerospace and Electronic Systems Magazine},
  volume={30},
  number={5},
  pages={18--27},
  year={2015},
  publisher={IEEE}
}

@article{spriesterbach2013unmanned,
  title={Unmanned Aircraft System Airspace Integration in the National Airspace Using a Ground-Based Sense and Avoid System},
  author={Spriesterbach, Thomas P and Bruns, Kelly A and Baron, Lauren I and Sohlke, Jason E},
  journal={Johns Hopkins APL Technical Digest},
  volume={32},
  number={3},
  pages={572--583},
  year={2013}
}

@book{butcher1987numerical,
  title={The numerical analysis of ordinary differential equations: Runge-Kutta and general linear methods},
  author={Butcher, John Charles},
  year={1987},
  publisher={Wiley-Interscience}
}

@article{shampine1997matlab,
  title={The matlab ode suite},
  author={Shampine, Lawrence F and Reichelt, Mark W},
  journal={SIAM journal on scientific computing},
  volume={18},
  number={1},
  pages={1--22},
  year={1997},
  publisher={SIAM}
}

@inproceedings{pinto2006neptus,
  title={Neptus a framework to support a mission life cycle},
  author={Pinto, Jos{\'e} Queir{\'o}s and Dias, Paulo Sousa and Gon{\c{c}}alves, Rui and Gon{\c{c}}alves, Gil Manuel and Sousa, Jo{\~a}o Tasso de Figueiredo Borges and Pereira, Fernando Lobo and others},
  booktitle={Proceedings of the 7th Conference on Manoeuvring and Control of Marine Craft},
  year={2006}
}

@inproceedings{martins2009imc,
  title={IMC: A communication protocol for networked vehicles and sensors},
  author={Martins, Ricardo and Dias, Paulo Sousa and Marques, Eduardo RB and Pinto, Jos{\'e} and Sousa, Joao B and Pereira, Fernando L},
  booktitle={Oceans 2009-Europe},
  pages={1--6},
  year={2009},
  organization={IEEE}
}

@inproceedings{merani2011underwater,
  title={An underwater convergence layer for disruption tolerant networking},
  author={Merani, Diego and Berni, Alessandro and Potter, John and Martins, Ricardo},
  booktitle={Internet Communications (BCFIC Riga), 2011 Baltic Congress on Future},
  pages={103--108},
  year={2011},
  organization={IEEE}
}

@incollection{rajan2013towards,
  title={Towards deliberative control in marine robotics},
  author={Rajan, Kanna and Py, Fr{\'e}d{\'e}ric and Barreiro, Javier},
  booktitle={Marine Robot Autonomy},
  pages={91--175},
  year={2013},
  publisher={Springer}
}

@inproceedings{gardi20134,
  title={4-Dimensional Trajectory negotiation and validation system for the next generation air traffic management},
  author={Gardi, Alessandro and Sabatini, Roberto and Ramasamy, Subramanian and de Ridder, Kathryn},
  booktitle={proceedings of AIAA Guidance, Navigation, and Control Conference (GNC 2013), Boston, MA, USA},
  year={2013}
}

@inproceedings{ramasamy2013novel,
  title={Novel flight management system for real-time 4-dimensional trajectory based operations},
  author={Ramasamy, Subramanian and Sabatini, Roberto and Gardi, A and Liu, Yifang},
  booktitle={proceedings of AIAA Guidance, Navigation, and Control Conference},
  year={2013}
}


@inproceedings{gardi2014real,
  title={Real-Time Trajectory Optimisation Models for Next Generation Air Traffic Management Systems},
  author={Gardi, Alessandro and Sabatini, Roberto and Ramasamy, Subramanian and Kistan, Trevor},
  booktitle={Applied Mechanics and Materials},
  volume={629},
  pages={327--332},
  year={2014},
  organization={Trans Tech Publ}
}

@inproceedings{ramasamy2014towards,
  title={Towards a unified approach to cooperative and non-cooperative RPAS detect-and-avoid},
  author={Ramasamy, Subramanian and Sabatini, Roberto and Gardi, Alessandro},
  booktitle={Fourth Australasian Unmanned Systems Conference},
  year={2014}
}

@inproceedings{burston2014reverse,
  title={Reverse engineering of a fixed wing Unmanned Aircraft 6-DoF model based on laser scanner measurements},
  author={Burston, Martin and Sabatini, Roberto and Gardi, Alessandro and Clothier, Reece},
  booktitle={Metrology for Aerospace (MetroAeroSpace), 2014 IEEE},
  pages={144--149},
  year={2014},
  organization={IEEE}
}

@inproceedings{kurzhanskii2002optimization,
  title={Optimization methods for target problems of control},
  author={Kurzhanskii, Alexander B. and Varaiya, Pravin},
  booktitle={Proceedings of Mathematical Theory of Networks and Systems Conference},
  year={2002}
}

@article{kurzhanski2001dynamic,
  title={Dynamic optimization for reachability problems},
  author={Kurzhanski, Alexander B. and Varaiya, Pravin},
  journal={Journal of Optimization Theory and Applications},
  volume={108},
  number={2},
  pages={227--251},
  year={2001},
  publisher={Springer}
}

@inproceedings{sethian2002ordered,
  title={Ordered upwind methods for hybrid control},
  author={Sethian, James A and Vladimirsky, Alexander},
  booktitle={International Workshop on Hybrid Systems: Computation and Control},
  pages={393--406},
  year={2002},
  organization={Springer}
}

@inproceedings{tabuada2001feasible,
  title={Feasible formations of multi-agent systems},
  author={Tabuada, Paulo and Pappas, George J and Lima, Pedro},
  booktitle={American Control Conference, 2001. Proceedings of the 2001},
  volume={1},
  pages={56--61},
  year={2001},
  organization={IEEE}
}

@article{tomlin2000game,
  title={A game theoretic approach to controller design for hybrid systems},
  author={Tomlin, Claire J and Lygeros, John and Sastry, S Shankar},
  journal={Proceedings of the IEEE},
  volume={88},
  number={7},
  pages={949--970},
  year={2000},
  publisher={IEEE}
}

@incollection{varaiya2000reach,
  title={Reach set computation using optimal control},
  author={Varaiya, Pravin},
  booktitle={Verification of Digital and Hybrid Systems},
  pages={323--331},
  year={2000},
  publisher={Springer}
}

@inproceedings{prandini2008application,
  title={Application of reachability analysis for stochastic hybrid systems to aircraft conflict prediction},
  author={Prandini, Maria and Hu, Jianghai},
  booktitle={Decision and Control, 2008. CDC 2008. 47th IEEE Conference on},
  pages={4036--4041},
  year={2008},
  organization={IEEE}
}

@article{tsitsiklis1995efficient,
  title={Efficient algorithms for globally optimal trajectories},
  author={Tsitsiklis, John N},
  journal={IEEE Transactions on Automatic Control},
  volume={40},
  number={9},
  pages={1528--1538},
  year={1995},
  publisher={IEEE}
}

@misc{allesandeti2016virtualArena,
  title = {Virtual arena MPC framework for advanced UAV-UAS simulations},
  howpublished = {\url{https://github.com/andreaalessandretti/VirtualArena}},
  note = {Accessed: 2016-05-30}
}

@article{alessandrettinotes,
  title={Notes on Trajectory-tracking and Path-following Controllers for Constrained Underactuated Vehicles using Model Predictive Control},
  author={Alessandretti, Andrea}
}

@inproceedings{alessandretti2013trajectory,
  title={Trajectory-tracking and path-following controllers for constrained underactuated vehicles using Model Predictive Control},
  author={Alessandretti, Andrea and Aguiar, A Pedro and Jones, Colin},
  booktitle={European Control Conference 2013},
  number={EPFL-CONF-186264},
  year={2013}
}

@inproceedings{aguiar2003position,
  title={Position tracking of underactuated vehicles},
  author={Aguiar, A Pedro and Hespanha, Joao P},
  booktitle={American Control Conference, 2003. Proceedings of the 2003},
  volume={3},
  pages={1988--1993},
  year={2003},
  organization={IEEE}
}

@article{euler1775formulae,
  title={Formulae generales pro translatione quacunque corporum rigidorum},
  author={Euler, Leonhard},
  journal={Novi Acad. Sci. Petrop},
  volume={20},
  pages={189--207},
  year={1775}
}

@book{schaub2003analytical,
  title={Analytical mechanics of space systems},
  author={Schaub, Hanspeter and Junkins, John L},
  year={2003},
  publisher={Aiaa}
}

@misc{kramer1977gyro,
  title={Gyro stabilized inertial reference system with gimbal lock prevention means},
  author={Kramer, Manuel and Dapprich, Douglas J},
  year={1977},
  month=oct # "~4",
  publisher={Google Patents},
  note={US Patent 4,052,654}
}

@book{stevens2015aircraft,
  title={Aircraft Control and Simulation: Dynamics, Controls Design, and Autonomous Systems},
  author={Stevens, Brian L and Lewis, Frank L and Johnson, Eric N},
  year={2015},
  publisher={John Wiley \& Sons}
}
@article{goerzen2010survey,
  title={A survey of motion planning algorithms from the perspective of autonomous UAV guidance},
  author={Goerzen, Chad and Kong, Zhaodan and Mettler, Bernard},
  journal={Journal of Intelligent and Robotic Systems},
  volume={57},
  number={1-4},
  pages={65--100},
  year={2010},
  publisher={Springer}
}

@book{sommerville2016analytical,
  title={Analytical geometry of three dimensions},
  author={Sommerville, Duncan Mclaren Young},
  year={2016},
  publisher={Cambridge University Press}
}

@inproceedings{shamos1975closest,
  title={Closest-point problems},
  author={Shamos, Michael Ian and Hoey, Dan},
  booktitle={Foundations of Computer Science, 1975., 16th Annual Symposium on},
  pages={151--162},
  year={1975},
  organization={IEEE}
}

@article{bentley1980optimal,
  title={Optimal expected-time algorithms for closest point problems},
  author={Bentley, Jon Louis and Weide, Bruce W and Yao, Andrew C},
  journal={ACM Transactions on Mathematical Software (TOMS)},
  volume={6},
  number={4},
  pages={563--580},
  year={1980},
  publisher={ACM}
}

@article{borenstein1991vector,
  title={The vector field histogram-fast obstacle avoidance for mobile robots},
  author={Borenstein, Johann and Koren, Yoram},
  journal={IEEE Transactions on Robotics and Automation},
  volume={7},
  number={3},
  pages={278--288},
  year={1991},
  publisher={IEEE}
}

@inproceedings{koren1991potential,
  title={Potential field methods and their inherent limitations for mobile robot navigation},
  author={Koren, Yoram and Borenstein, Johann},
  booktitle={Robotics and Automation, 1991. Proceedings., 1991 IEEE International Conference on},
  pages={1398--1404},
  year={1991},
  organization={IEEE}
}

@inproceedings{oberkampf1993iterative,
  title={Iterative pose estimation using coplanar points},
  author={Oberkampf, Denis and DeMenthon, Daniel F and Davis, Larry S},
  booktitle={Computer Vision and Pattern Recognition, 1993. Proceedings CVPR'93., 1993 IEEE Computer Society Conference on},
  pages={626--627},
  year={1993},
  organization={IEEE}
}

@inproceedings{zaiane2002clustering,
  title={Clustering spatial data when facing physical constraints},
  author={Za{\"\i}ane, Osmar R and Lee, Chi-Hoon},
  booktitle={Data Mining, 2002. ICDM 2003. Proceedings. 2002 IEEE International Conference on},
  pages={737--740},
  year={2002},
  organization={IEEE}
}

@article{esposito1997comparative,
  title={A comparative analysis of methods for pruning decision trees},
  author={Esposito, Floriana and Malerba, Donato and Semeraro, Giovanni and Kay, J},
  journal={IEEE transactions on pattern analysis and machine intelligence},
  volume={19},
  number={5},
  pages={476--491},
  year={1997},
  publisher={IEEE}
}

@book{hill1996object,
  title={Object-oriented analysis and simulation},
  author={Hill, David R and others},
  year={1996},
  publisher={Addison-Wesley Longman Publishing Co., Inc.}
}

@inproceedings{kuffner2000rrt,
  title={RRT-connect: An efficient approach to single-query path planning},
  author={Kuffner, James J and LaValle, Steven M},
  booktitle={Robotics and Automation, 2000. Proceedings. ICRA'00. IEEE International Conference on},
  volume={2},
  pages={995--1001},
  year={2000},
  organization={IEEE}
}

@inproceedings{benjamin2006navigation,
  title={Navigation of unmanned marine vehicles in accordance with the rules of the road},
  author={Benjamin, Michael R and Curcio, Joseph A and Leonard, John J and Newman, Paul M},
  booktitle={Robotics and Automation, 2006. ICRA 2006. Proceedings 2006 IEEE International Conference on},
  pages={3581--3587},
  year={2006},
  organization={IEEE}
}


@misc{chey1986vehicle,
  title={Vehicle detection and collision avoidance apparatus},
  author={Chey, Young H},
  year={1986},
  month=dec # "~2",
  publisher={Google Patents},
  note={US Patent 4,626,850}
}

@article{fiorini1998motion,
  title={Motion planning in dynamic environments using velocity obstacles},
  author={Fiorini, Paolo and Shiller, Zvi},
  journal={The International Journal of Robotics Research},
  volume={17},
  number={7},
  pages={760--772},
  year={1998},
  publisher={Sage Publications Sage CA: Thousand Oaks, CA}
}

@inproceedings{bortoff2000path,
  title={Path planning for UAVs},
  author={Bortoff, Scott A},
  booktitle={American Control Conference, 2000. Proceedings of the 2000},
  volume={1},
  pages={364--368},
  year={2000},
  organization={IEEE}
}

@article{ma2007improved,
  title={Improved ant colony algorithm for global optimal trajectory planning of UAV under complex environment.},
  author={Ma, Guanjun and Duan, Haibin and Liu, Senqi},
  journal={IJCSA},
  volume={4},
  number={3},
  pages={57--68},
  year={2007}
}

@inproceedings{singh2001trajectory,
  title={Trajectory generation for a UAV in urban terrain, using nonlinear MPC},
  author={Singh, Leena and Fuller, James},
  booktitle={American Control Conference, 2001. Proceedings of the 2001},
  volume={3},
  pages={2301--2308},
  year={2001},
  organization={IEEE}
}

@article{hull1997conversion,
  title={Conversion of optimal control problems into parameter optimization problems},
  author={Hull, David G},
  journal={Journal of Guidance, Control, and Dynamics},
  volume={20},
  number={1},
  pages={57--60},
  year={1997}
}

@book{hentenryck2009constraint,
  title={Constraint-based local search},
  author={Hentenryck, Pascal Van and Michel, Laurent},
  year={2009},
  publisher={The MIT press}
}

@article{grefenstette1986optimization,
  title={Optimization of control parameters for genetic algorithms},
  author={Grefenstette, John J},
  journal={IEEE Transactions on systems, man, and cybernetics},
  volume={16},
  number={1},
  pages={122--128},
  year={1986},
  publisher={IEEE}
}


@article{korf1985depth,
  title={Depth-first iterative-deepening: An optimal admissible tree search},
  author={Korf, Richard E},
  journal={Artificial intelligence},
  volume={27},
  number={1},
  pages={97--109},
  year={1985},
  publisher={Elsevier}
}

@misc{pontryagin1962matematicheskaya,
  title={Matematicheskaya teoriya optimalnykh prozessov. Fizmatgiz, Moscow. Translated into English. The Mathematical Theory of Optimal Processes},
  author={Pontryagin, LS and Boltyanskii, VG and Gamkrelidze, RV and Mishchenko, EF},
  year={1962},
  publisher={John Wiley and Sons (Interscience Publishers), New York}
}

@inproceedings{misra1996integrated,
  title={Integrated Use of GPS and GLONASS: Transformation between WGS 84 and PZ-90},
  author={Misra, Pratap N and Abbot, Richard I and Gaposcbkin, EM},
  booktitle={Proceedings of the 9th International Technical Meeting of the Satellite Division of The Institute of Navigation (ION GPS 1996)},
  pages={307--314},
  year={1996}
}

@inproceedings{blanc2005ekf,
  title={EKF and particle filter track-to-track fusion: a quantitative comparison from radar/lidar obstacle tracks},
  author={Blanc, Christophe and Trassoudaine, Laurent and Gallice, Jean},
  booktitle={Information Fusion, 2005 8th International Conference on},
  volume={2},
  pages={7--pp},
  year={2005},
  organization={IEEE}
}

@article{das2009dynamic,
  title={Dynamic inversion with zero-dynamics stabilisation for quadrotor control},
  author={Das, A and Subbarao, K and Lewis, F},
  journal={IET control theory \& applications},
  volume={3},
  number={3},
  pages={303--314},
  year={2009},
  publisher={IET}
}

@article{wonham1968matrix,
  title={On a matrix Riccati equation of stochastic control},
  author={Wonham, William M},
  journal={SIAM Journal on Control},
  volume={6},
  number={4},
  pages={681--697},
  year={1968},
  publisher={SIAM}
}

@article{savage1954problem,
  title={The problem of rupture of the billet in the continuous casting of steel},
  author={Savage, J and Pritchard, WH},
  journal={Journal of the Iron and Steel Institute},
  volume={178},
  number={3},
  pages={269--277},
  year={1954},
  publisher={INST MATERIALS 1 CARLTON HOUSE TERRACE, LONDON SW1Y 5DB, ENGLAND}
}

@misc{blackwell19541954,
  title={A.(1954). Theory of Games and Statistical Decisions},
  author={Blackwell, DAVID and Girshick, M},
  year={1954},
  publisher={Wiley, New York.(2) Chernoff, H}
}

@article{meditch1969stochastic,
  title={Stochastic optimal linear estimation and control},
  author={Meditch, James S},
  year={1969},
  publisher={McGraw-Hill}
}

@book{kushner1971introduction,
  title={Introduction to stochastic control},
  author={Kushner, Harold Joseph},
  year={1971},
  publisher={Holt, Rinehart and Winston New York}
}

@article{kampas2005tricks,
  title={Tricks of using Reduce to solve Kuhn--Tucker equations},
  author={Kampas, Frank J},
  journal={Mathematica Journal},
  volume={9},
  number={4},
  pages={686--689},
  year={2005}
}

@misc{re1962applied,
  title={Applied dynamic programming},
  author={RE, BELLMAN and Dreyfus, SE},
  year={1962},
  publisher={Princeton University Press, Princeton, NJ}
}

@incollection{wagner1969principles,
  title={Principles of operations research: with applications to managerial decisions},
  author={Wagner, Harvey M},
  booktitle={Principles of operations research: with applications to managerial decisions},
  year={1969},
  publisher={Prentice-Hall}
}

@article{howard1960dynamic,
  title={Dynamic programming and Markov processes},
  author={Howard, RA},
  year={1960},
  publisher={New York [etc.]:[sn]}
}

@article{larson1968state,
  title={State increment dynamic programming},
  author={Larson, Robert Edward},
  year={1968},
  publisher={North-Holland}
}